% This file was created with JabRef 2.5.
% Encoding: ISO8859_1
@article{miyazawa_1993,
  author = {Miyazawa, Flavio Keidi},
  month = {12},
  title = {Algoritmos de empacotamento tridimensional: novas estrategias e analises de desempenho},
  doi = {10.11606/d.45.1993.tde-20210729-004457},
  url = {https://www.teses.usp.br/teses/disponiveis/45/45132/tde-20210729-004457/publico/MiyazawaFlavioKeidi.pdf},
  urldate = {2022-03-06},
  year = {1993},
  journal = {}
}

@inbook{queiroz_2017,
author = {Nascimento, Oliviana and Oliveira, Liliane and Queiroz, Thiago},
year = {2017},
month = {04},
pages = {75-86},
title = {Modelo de programação por restrições para o problema de empacotamento ortogonal tridimensional},
isbn = {9788580392234},
doi = {10.5151/9788580392234-05}
}

@misc{maritime2021,
  title = {Review of Maritime Transport 2021},
  author = {UNCTAD},
  year = {2021},
  howpublished = {\url{https://unctad.org/system/files/official-document/rmt2021\_en\_0.pdf}},
  note = {Visitado em Março/2022}
}

@misc{wsj_shipping,
  title = {Companies are spending more on shipping and thats not changing soon},
  author = {WSJ},
  year = {2018},
  howpublished = {\url{https://www.wsj.com/articles/companies-are-spending-more-on-shipping-and-thats-not-changing-soon-1529413500}},
  note = {Visitado em Março/2022}
}
